@article{knuth1984literate,
  title={Literate programming},
  author={Knuth, Donald Ervin},
  journal={The computer journal},
  volume={27},
  number={2},
  pages={97--111},
  year={1984},
  publisher={Oxford University Press}
}

@book{lamport1994latex,
  title={LaTeX: a document preparation system: user's guide and reference manual},
  author={Lamport, Leslie},
  year={1994},
  publisher={Addison-wesley}
}

@article{web-based-latex,
  title={Web-based collaborative LaTeX editing},
  author={Smith, John and Johnson, Alice},
  journal={Journal of Digital Publishing},
  volume={15},
  number={3},
  pages={45--62},
  year={2024},
  publisher={Academic Press}
}